<marc:collection xmlns:marc="http://www.loc.gov/MARC21/slim" xmlns:xsi="http://www.w3.org/2001/XMLSchema-instance" xsi:schemaLocation="http://www.loc.gov/MARC21/slim http://www.loc.gov/standards/marcxml/schema/MARC21slim.xsd">
    <marc:record type="Bibliographic">
        <marc:leader>01531cem a2200349 a 4500</marc:leader>
        <marc:controlfield tag="001">5625261</marc:controlfield>
        <marc:controlfield tag="005">20090429090118.0</marc:controlfield>
        <marc:controlfield tag="007">aj canzn</marc:controlfield>
        <marc:controlfield tag="008">881222s1589    be i      a     0   lat d</marc:controlfield>
        <marc:datafield tag="024" ind1="0" ind2=" ">
            <marc:subfield code="a">HM 2009-27</marc:subfield>
        </marc:datafield>
        <marc:datafield tag="035" ind1=" " ind2=" ">
            <marc:subfield code="a">(OCoLC)ocn228719097</marc:subfield>
        </marc:datafield>
        <marc:datafield tag="040" ind1=" " ind2=" ">
            <marc:subfield code="a">NhD</marc:subfield>
            <marc:subfield code="c">HUV</marc:subfield>
            <marc:subfield code="d">OCLCG</marc:subfield>
            <marc:subfield code="d">NjP</marc:subfield>
        </marc:datafield>
        <marc:datafield tag="034" ind1="1" ind2=" ">
            <marc:subfield code="a">a</marc:subfield>
            <marc:subfield code="b">40000000</marc:subfield>
        </marc:datafield>
        <marc:datafield tag="035" ind1=" " ind2=" ">
            <marc:subfield code="a">(OCoLC)228719097</marc:subfield>
        </marc:datafield>
        <marc:datafield tag="043" ind1=" " ind2=" ">
            <marc:subfield code="a">p------</marc:subfield>
            <marc:subfield code="a">n------</marc:subfield>
        </marc:datafield>
        <marc:datafield tag="100" ind1="1" ind2=" ">
            <marc:subfield code="a">Ortelius, Abraham,</marc:subfield>
            <marc:subfield code="d">1527-1598.</marc:subfield>
        </marc:datafield>
        <marc:datafield tag="245" ind1="1" ind2="0">
            <marc:subfield code="a">Maris Pacifici :</marc:subfield>
            <marc:subfield code="b">(quod vulgò Mar del Zur) cum regionibus circumiacentibus, insulisq́ue in eodem passim sparsis, novissima descriptio</marc:subfield>
            <marc:subfield code="h">[map] /</marc:subfield>
            <marc:subfield code="c">Abrahamus Ortelius Regiæ Mts. geographus sub. merito dedicabat, 1589.</marc:subfield>
        </marc:datafield>
        <marc:datafield tag="255" ind1=" " ind2=" ">
            <marc:subfield code="a">Scale [ca. 1:40,000,000]</marc:subfield>
        </marc:datafield>
        <marc:datafield tag="260" ind1=" " ind2=" ">
            <marc:subfield code="a">[Antwerp :</marc:subfield>
            <marc:subfield code="b">Officina Plantiniana,</marc:subfield>
            <marc:subfield code="c">1595]</marc:subfield>
        </marc:datafield>
        <marc:datafield tag="300" ind1=" " ind2=" ">
            <marc:subfield code="a">1 map :</marc:subfield>
            <marc:subfield code="b">hand col. ;</marc:subfield>
            <marc:subfield code="c">33 x 48 cm.</marc:subfield>
        </marc:datafield>
        <marc:datafield tag="500" ind1=" " ind2=" ">
            <marc:subfield code="a">Relief shown pictorially.</marc:subfield>
        </marc:datafield>
        <marc:datafield tag="500" ind1=" " ind2=" ">
            <marc:subfield code="a">Text on verso: Mare Pacificum siue del Zur. 6.</marc:subfield>
        </marc:datafield>
        <marc:datafield tag="510" ind1="4" ind2=" ">
            <marc:subfield code="a">Broecke, M.P.R. van den.  Ortelius atlas maps</marc:subfield>
            <marc:subfield code="c">12 (first state)</marc:subfield>
        </marc:datafield>
        <marc:datafield tag="500" ind1=" " ind2=" ">
            <marc:subfield code="a">From: Theatrum orbis terrarum ... [Antuerpiae : Ex Officina Plantiniana, Abrah. Ortelij aere &amp; cura, 1595]</marc:subfield>
        </marc:datafield>
        <marc:datafield tag="651" ind1=" " ind2="0">
            <marc:subfield code="a">Pacific Ocean</marc:subfield>
            <marc:subfield code="v">Maps</marc:subfield>
            <marc:subfield code="v">Early works to 1800.</marc:subfield>
        </marc:datafield>
        <marc:datafield tag="651" ind1=" " ind2="0">
            <marc:subfield code="a">North America</marc:subfield>
            <marc:subfield code="v">Maps</marc:subfield>
            <marc:subfield code="v">Early works to 1800.</marc:subfield>
        </marc:datafield>
        <marc:datafield tag="655" ind1=" " ind2="7">
            <marc:subfield code="a">Maps</marc:subfield>
            <marc:subfield code="z">Pacific Ocean</marc:subfield>
            <marc:subfield code="y">1589.</marc:subfield>
            <marc:subfield code="2">aat</marc:subfield>
        </marc:datafield>
        <marc:datafield tag="655" ind1=" " ind2="7">
            <marc:subfield code="a">Maps</marc:subfield>
            <marc:subfield code="z">North America</marc:subfield>
            <marc:subfield code="y">1589.</marc:subfield>
            <marc:subfield code="2">aat</marc:subfield>
        </marc:datafield>
        <marc:datafield tag="856" ind1="4" ind2="1">
            <marc:subfield code="z">See the map (front)</marc:subfield>
            <marc:subfield code="u">http://gisserver.princeton.edu/map/18794</marc:subfield>
        </marc:datafield>
        <marc:datafield tag="856" ind1="4" ind2="1">
            <marc:subfield code="z">See the map (back)</marc:subfield>
            <marc:subfield code="u">http://gisserver.princeton.edu/map/18795</marc:subfield>
        </marc:datafield>
        <marc:datafield tag="904" ind1=" " ind2=" ">
            <marc:subfield code="a">twm</marc:subfield>
            <marc:subfield code="b">o</marc:subfield>
            <marc:subfield code="h">m</marc:subfield>
            <marc:subfield code="c">p</marc:subfield>
            <marc:subfield code="e">20081215</marc:subfield>
        </marc:datafield>
        <marc:datafield tag="902" ind1=" " ind2=" ">
            <marc:subfield code="a">gls</marc:subfield>
            <marc:subfield code="b">m</marc:subfield>
            <marc:subfield code="6">e</marc:subfield>
            <marc:subfield code="7">m</marc:subfield>
            <marc:subfield code="d">v</marc:subfield>
            <marc:subfield code="f">1</marc:subfield>
            <marc:subfield code="e">20090122</marc:subfield>
        </marc:datafield>
    </marc:record>
    <marc:record type="Holdings">
        <marc:leader>00172cx  a22000854  4500</marc:leader>
        <marc:controlfield tag="001">5734478</marc:controlfield>
        <marc:controlfield tag="004">5625261</marc:controlfield>
        <marc:controlfield tag="005">20090122145453.0</marc:controlfield>
        <marc:controlfield tag="008">0812150p    8   1001uu   0000000</marc:controlfield>
        <marc:datafield tag="852" ind1="8" ind2=" ">
            <marc:subfield code="b">map</marc:subfield>
            <marc:subfield code="h">HMC01.6432</marc:subfield>
        </marc:datafield>
    </marc:record>
    <marc:record type="Holdings">
        <marc:leader>00182nx  a22000854  4500</marc:leader>
        <marc:controlfield tag="001">7316269</marc:controlfield>
        <marc:controlfield tag="004">5625261</marc:controlfield>
        <marc:controlfield tag="005">20130513151143.0</marc:controlfield>
        <marc:controlfield tag="008">1305134u    8   1001uu   0901128</marc:controlfield>
        <marc:datafield tag="852" ind1="8" ind2=" ">
            <marc:subfield code="b">elf1</marc:subfield>
            <marc:subfield code="h">Electronic Resource</marc:subfield>
        </marc:datafield>
    </marc:record>
</marc:collection>
